<?xml version="1.0" encoding="UTF-8"?>
<Document xmlns="urn:iso:std:iso:20022:tech:xsd:pain.008.001.08" xmlns:xsi="http://www.w3.org/2001/XMLSchema-instance">
  <CstmrDrctDbtInitn>
    <GrpHdr>
      <MsgId>DD20260112192643R4</MsgId>
      <CreDtTm>2026-01-12T19:26:43</CreDtTm>
      <NbOfTxs>3</NbOfTxs>
      <CtrlSum>349.97</CtrlSum>
      <InitgPty>
        <Nm>Kreativ Bunker GmbH</Nm>
      </InitgPty>
    </GrpHdr>
    <PmtInf>
      <PmtInfId>PMT4</PmtInfId>
      <PmtMtd>DD</PmtMtd>
      <NbOfTxs>3</NbOfTxs>
      <CtrlSum>349.97</CtrlSum>
      <PmtTpInf>
        <SvcLvl>
          <Cd>SEPA</Cd>
        </SvcLvl>
        <LclInstrm>
          <Cd>CORE</Cd>
        </LclInstrm>
        <SeqTp>RCUR</SeqTp>
      </PmtTpInf>
      <ReqdColltnDt>2026-01-14</ReqdColltnDt>
      <Cdtr>
        <Nm>Kreativ Bunker GmbH</Nm>
      </Cdtr>
      <CdtrAcct>
        <Id>
          <IBAN>DE08241511160000213876</IBAN>
        </Id>
      </CdtrAcct>
      <CdtrAgt>
        <FinInstnId>
          <BICFI>NOLADE21STK</BICFI>
        </FinInstnId>
      </CdtrAgt>
      <ChrgBr>SLEV</ChrgBr>
      <CdtrSchmeId>
        <Id>
          <PrvtId>
            <Othr>
              <Id>DE62ZZZ00002850750</Id>
              <SchmeNm>
                <Prtry>SEPA</Prtry>
              </SchmeNm>
            </Othr>
          </PrvtId>
        </Id>
      </CdtrSchmeId>
      <DrctDbtTxInf>
        <PmtId>
          <EndToEndId>NOTPROVIDED</EndToEndId>
        </PmtId>
        <InstdAmt Ccy="EUR">233.35</InstdAmt>
        <DrctDbtTx>
          <MndtRltdInf>
            <MndtId>Pflegevertrag - Vagts.de</MndtId>
            <DtOfSgntr>2023-08-13</DtOfSgntr>
          </MndtRltdInf>
        </DrctDbtTx>
        <DbtrAgt>
          <FinInstnId>
            <Othr>
              <Id>NOTPROVIDED</Id>
            </Othr>
          </FinInstnId>
        </DbtrAgt>
        <Dbtr>
          <Nm>Vagts Friseure</Nm>
        </Dbtr>
        <DbtrAcct>
          <Id>
            <IBAN>DE94241511160000208157</IBAN>
          </Id>
        </DbtrAcct>
        <RmtInf>
          <Ustrd>Rechnung RE-2025/203910</Ustrd>
        </RmtInf>
      </DrctDbtTxInf>
      <DrctDbtTxInf>
        <PmtId>
          <EndToEndId>NOTPROVIDED</EndToEndId>
        </PmtId>
        <InstdAmt Ccy="EUR">58.31</InstdAmt>
        <DrctDbtTx>
          <MndtRltdInf>
            <MndtId>Pflegevertrag - Vagts.de</MndtId>
            <DtOfSgntr>2023-08-13</DtOfSgntr>
          </MndtRltdInf>
        </DrctDbtTx>
        <DbtrAgt>
          <FinInstnId>
            <Othr>
              <Id>NOTPROVIDED</Id>
            </Othr>
          </FinInstnId>
        </DbtrAgt>
        <Dbtr>
          <Nm>Vagts Friseure</Nm>
        </Dbtr>
        <DbtrAcct>
          <Id>
            <IBAN>DE94241511160000208157</IBAN>
          </Id>
        </DbtrAcct>
        <RmtInf>
          <Ustrd>Rechnung RE-2025/211312</Ustrd>
        </RmtInf>
      </DrctDbtTxInf>
      <DrctDbtTxInf>
        <PmtId>
          <EndToEndId>NOTPROVIDED</EndToEndId>
        </PmtId>
        <InstdAmt Ccy="EUR">58.31</InstdAmt>
        <DrctDbtTx>
          <MndtRltdInf>
            <MndtId>Pflegevertrag - Vagts.de</MndtId>
            <DtOfSgntr>2023-08-13</DtOfSgntr>
          </MndtRltdInf>
        </DrctDbtTx>
        <DbtrAgt>
          <FinInstnId>
            <Othr>
              <Id>NOTPROVIDED</Id>
            </Othr>
          </FinInstnId>
        </DbtrAgt>
        <Dbtr>
          <Nm>Vagts Friseure</Nm>
        </Dbtr>
        <DbtrAcct>
          <Id>
            <IBAN>DE94241511160000208157</IBAN>
          </Id>
        </DbtrAcct>
        <RmtInf>
          <Ustrd>Rechnung RE-2026/217401</Ustrd>
        </RmtInf>
      </DrctDbtTxInf>
    </PmtInf>
  </CstmrDrctDbtInitn>
</Document>
