<?xml version="1.0" encoding="UTF-8"?>
<Document xmlns="urn:iso:std:iso:20022:tech:xsd:pain.008.001.08" xmlns:xsi="http://www.w3.org/2001/XMLSchema-instance" xmlns:xsi="http://www.w3.org/2001/XMLSchema-instance" xsi:schemaLocation="urn:iso:std:iso:20022:tech:xsd:pain.008.001.08 pain.008.001.08.xsd">
  <CstmrDrctDbtInitn>
    <GrpHdr>
      <MsgId>DD20260109081651R1</MsgId>
      <CreDtTm>2026-01-09T08:16:51</CreDtTm>
      <NbOfTxs>4</NbOfTxs>
      <CtrlSum>275.12</CtrlSum>
      <InitgPty>
        <Nm>Kreativ Bunker GmbH</Nm>
      </InitgPty>
    </GrpHdr>
    <PmtInf>
      <PmtInfId>PMT1</PmtInfId>
      <PmtMtd>DD</PmtMtd>
      <BtchBookg>true</BtchBookg>
      <NbOfTxs>4</NbOfTxs>
      <CtrlSum>275.12</CtrlSum>
      <PmtTpInf>
        <SvcLvl>
          <Cd>SEPA</Cd>
        </SvcLvl>
        <LclInstrm>
          <Cd>CORE</Cd>
        </LclInstrm>
        <SeqTp>RCUR</SeqTp>
      </PmtTpInf>
      <ReqdColltnDt>2026-01-11</ReqdColltnDt>
      <Cdtr>
        <Nm>Kreativ Bunker GmbH</Nm>
      </Cdtr>
      <CdtrAcct>
        <Id>
          <IBAN>DE08241511160000213876</IBAN>
        </Id>
      </CdtrAcct>
      <CdtrAgt>
        <FinInstnId>
          <BICFI>NOLADE21STD</BICFI>
        </FinInstnId>
      </CdtrAgt>
      <ChrgBr>SLEV</ChrgBr>
      <CdtrSchmeId>
        <Id>
          <PrvtId>
            <Othr>
              <Id>DE32ZZZ00002073253</Id>
              <SchmeNm>
                <Prtry>SEPA</Prtry>
              </SchmeNm>
            </Othr>
          </PrvtId>
        </Id>
      </CdtrSchmeId>
      <DrctDbtTxInf>
        <PmtId>
          <EndToEndId>RE-2026/217001</EndToEndId>
        </PmtId>
        <InstdAmt Ccy="EUR">52.48</InstdAmt>
        <DrctDbtTx>
          <MndtRltdInf>
            <MndtId>Buchhaltung-Koenig.de</MndtId>
            <DtOfSgntr>2024-12-19</DtOfSgntr>
          </MndtRltdInf>
        </DrctDbtTx>
        <DbtrAgt>
          <FinInstnId>
            <Othr>
              <Id>NOTPROVIDED</Id>
            </Othr>
          </FinInstnId>
        </DbtrAgt>
        <Dbtr>
          <Nm>Philipp Koenig</Nm>
        </Dbtr>
        <DbtrAcct>
          <Id>
            <IBAN>DE67672300004018450511</IBAN>
          </Id>
        </DbtrAcct>
        <RmtInf>
          <Ustrd>Rechnung RE-2026/217001</Ustrd>
        </RmtInf>
      </DrctDbtTxInf>
      <DrctDbtTxInf>
        <PmtId>
          <EndToEndId>RE-2025/210712</EndToEndId>
        </PmtId>
        <InstdAmt Ccy="EUR">52.48</InstdAmt>
        <DrctDbtTx>
          <MndtRltdInf>
            <MndtId>Buchhaltung-Koenig.de</MndtId>
            <DtOfSgntr>2024-12-19</DtOfSgntr>
          </MndtRltdInf>
        </DrctDbtTx>
        <DbtrAgt>
          <FinInstnId>
            <Othr>
              <Id>NOTPROVIDED</Id>
            </Othr>
          </FinInstnId>
        </DbtrAgt>
        <Dbtr>
          <Nm>Philipp Koenig</Nm>
        </Dbtr>
        <DbtrAcct>
          <Id>
            <IBAN>DE67672300004018450511</IBAN>
          </Id>
        </DbtrAcct>
        <RmtInf>
          <Ustrd>Rechnung RE-2025/210712</Ustrd>
        </RmtInf>
      </DrctDbtTxInf>
      <DrctDbtTxInf>
        <PmtId>
          <EndToEndId>RE-2025/207511</EndToEndId>
        </PmtId>
        <InstdAmt Ccy="EUR">117.68</InstdAmt>
        <DrctDbtTx>
          <MndtRltdInf>
            <MndtId>Buchhaltung-Koenig.de</MndtId>
            <DtOfSgntr>2024-12-19</DtOfSgntr>
          </MndtRltdInf>
        </DrctDbtTx>
        <DbtrAgt>
          <FinInstnId>
            <Othr>
              <Id>NOTPROVIDED</Id>
            </Othr>
          </FinInstnId>
        </DbtrAgt>
        <Dbtr>
          <Nm>Philipp Koenig</Nm>
        </Dbtr>
        <DbtrAcct>
          <Id>
            <IBAN>DE67672300004018450511</IBAN>
          </Id>
        </DbtrAcct>
        <RmtInf>
          <Ustrd>Rechnung RE-2025/207511</Ustrd>
        </RmtInf>
      </DrctDbtTxInf>
      <DrctDbtTxInf>
        <PmtId>
          <EndToEndId>RE-2025/205511</EndToEndId>
        </PmtId>
        <InstdAmt Ccy="EUR">52.48</InstdAmt>
        <DrctDbtTx>
          <MndtRltdInf>
            <MndtId>Buchhaltung-Koenig.de</MndtId>
            <DtOfSgntr>2024-12-19</DtOfSgntr>
          </MndtRltdInf>
        </DrctDbtTx>
        <DbtrAgt>
          <FinInstnId>
            <Othr>
              <Id>NOTPROVIDED</Id>
            </Othr>
          </FinInstnId>
        </DbtrAgt>
        <Dbtr>
          <Nm>Philipp Koenig</Nm>
        </Dbtr>
        <DbtrAcct>
          <Id>
            <IBAN>DE67672300004018450511</IBAN>
          </Id>
        </DbtrAcct>
        <RmtInf>
          <Ustrd>Rechnung RE-2025/205511</Ustrd>
        </RmtInf>
      </DrctDbtTxInf>
    </PmtInf>
  </CstmrDrctDbtInitn>
</Document>
